@book{Mitchell,
  title = {{Machine Learning}},
  author = {Mitchell, T.M.},
  isbn = {9780071154673},
  lccn = {97007692},
  series = {McGraw-Hill International Editions},
  url = {https://books.google.com.br/books?id=EoYBngEACAAJ},
  year = {1997},
  publisher = {McGraw-Hill},
}


@book{Hastie_2009,
  author = {Trevor Hastie and Robert Tibshirani and Jerome Friedman},
  doi = {10.1007/978-0-387-84858-7},
  url = {http://dx.doi.org/10.1007/978-0-387-84858-7},
  year = {2009},
  publisher = {Springer New York},
  title = {{The Elements of Statistical Learning}},
}


@online{Udacity,
  author = {Udacity},
  title = {{Machine Learning Engineer Nanodegree} P3 Project Description},
  year = 2016,
  url = {https://classroom.udacity.com/nanodegrees/nd009/parts/0091345407/modules/542278935775461/lessons/5422789357239847/concepts/54612096700923},
  urldate = {2016-05-10}
}

@book{richert2013building,
  title={Building Machine Learning Systems with Python},
  author={Richert, W.},
  isbn={9781782161417},
  url={https://books.google.com.br/books?id=C-yglCEcK0sC},
  year={2013},
  publisher={Packt Publishing}
}

